@inproceedings{mitra1974ionospheric,
  title={Ionospheric effects of solar flares},
  author={Mitra, Ashesh Prasad},
  booktitle={Astrophysics and space science library},
  volume={46},
  year={1974}
}

@article{singh2015gps,
  title={{GPS} as a solar observational instrument: {Real-time} estimation of {EUV} photons flux rate during strong, medium, and weak solar flares},
  author={Singh, Talwinder and Hernandez-Pajares, Manuel and Monte, Enric and Garcia-Rigo, Alberto and Olivares-Pulido, Germ{\'a}n},
  journal={Journal of Geophysical Research: Space Physics},
  volume={120},
  number={12},
  pages={10--840},
  year={2015},
  publisher={Wiley Online Library}
}

@article{gehrels2013gamma,
	title={Gamma-ray bursts in the swift-Fermi era},
	author={Gehrels, Neil and Razzaque, Soebur},
	journal={Frontiers of Physics},
	volume={8},
	number={6},
	pages={661--678},
	year={2013},
	publisher={Springer}
}

@mastersthesis{martinez2016first,
	title={First study on the feasibility of stellar flares detection with GPS},
	author={Mart{\'\i}nez Cid, David},
	type={{B.S.} thesis},
	year={2016},
	school={Universitat Polit{\`e}cnica de Catalunya}
}

@article{hernandez2009igs,
	title={The IGS VTEC maps: a reliable source of ionospheric information since 1998},
	author={Hern{\'a}ndez-Pajares, M and Juan, JM and Sanz, J and Orus, R and Garcia-Rigo, A and Feltens, J and Komjathy, A and Schaer, SC and Krankowski, A},
	journal={Journal of Geodesy},
	volume={83},
	number={3-4},
	pages={263--275},
	year={2009},
	publisher={Springer}
}


@article{hernandez2012gnss,
	title={{GNSS} measurement of {EUV} photons flux rate during strong and mid solar flares},
	author={Hern{\'a}ndez-Pajares, Manuel and Garc{\'\i}a-Rigo, A and Juan, J Miguel and Sanz, J and Monte, E and Arag{\'o}n-{\`A}ngel, A},
	journal={Space Weather},
	volume={10},
	number={12},
	pages={1--16},
	year={2012},
	publisher={AGU}
}

